@inproceedings{larochelle2007empirical,
  title={An empirical evaluation of deep architectures on problems with many factors of variation},
  author={Larochelle, Hugo and Erhan, Dumitru and Courville, Aaron and Bergstra, James and Bengio, Yoshua},
  booktitle={Proceedings of the 24th international conference on Machine learning},
  pages={473--480},
  year={2007},
  organization={ACM}
}

@article{bergstra2012random,
  title={Random search for hyper-parameter optimization},
  author={Bergstra, James and Bengio, Yoshua},
  journal={Journal of Machine Learning Research},
  volume={13},
  number={Feb},
  pages={281--305},
  year={2012}
}

@masterthesis{Hongyi,
title={Efficient learning on high-dimensional operational data},
author={Hongyi Zhang},
year={2019},
school={KTH Royal Institute of Technology},
address={Stockholm}
}